@article{bauer1993word,
  title={Word families},
  author={Bauer, Laurie and Nation, Paul},
  journal={International journal of Lexicography},
  volume={6},
  number={4},
  pages={253--279},
  year={1993},
  publisher={Oxford University Press}
}

@article{brysbaert2009moving,
  title={Moving beyond Ku{\v{c}}era and Francis: A critical evaluation of current word frequency norms and the introduction of a new and improved word frequency measure for American English},
  author={Brysbaert, Marc and New, Boris},
  journal={Behavior research methods},
  volume={41},
  number={4},
  pages={977--990},
  year={2009},
  publisher={Springer}
}

@book{Gusfield:97,
    author  = {Dan Gusfield},
    title   = {Algorithms on Strings, Trees and Sequences},
    year    = "1997",
    publisher = {Cambridge University Press},
    address = {Cambridge, UK}
}

@article{wilks1998grammar,
  title={The grammar of sense: Using part-of-speech tags as a first step in semantic disambiguation},
  author={Wilks, Yorick and Stevenson, Mark},
  journal={Natural Language Engineering},
  volume={4},
  number={2},
  pages={135--143},
  year={1998},
  publisher={Cambridge University Press}
}

@article{leroy2013effect,
  title={The effect of word familiarity on actual and perceived text difficulty},
  author={Leroy, Gondy and Kauchak, David},
  journal={Journal of the American Medical Informatics Association},
  volume={21},
  number={e1},
  pages={e169--e172},
  year={2013},
  publisher={BMJ Publishing Group BMA House, Tavistock Square, London, WC1H 9JR}
}
@inproceedings{rosa2011effect,
  title={Effect of word complexity on l2 vocabulary learning},
  author={Rosa, Kevin Dela and Eskenazi, Maxine},
  booktitle={Proceedings of the 6th Workshop on Innovative Use of NLP for Building Educational Applications},
  pages={76--80},
  year={2011},
  organization={Association for Computational Linguistics}
}
@article{gholami2014semantic,
  title={Semantic and Thematic List Learning of Second Language Vocabulary.},
  author={Gholami, Javad and Khezrlou, Sima},
  journal={CATESOL Journal},
  volume={25},
  number={1},
  pages={151--162},
  year={2014},
  publisher={ERIC}
}
@article{tinkham1997effects,
  title={The effects of semantic and thematic clustering on the learning of second language vocabulary},
  author={Tinkham, Thomas},
  journal={Second language research},
  volume={13},
  number={2},
  pages={138--163},
  year={1997},
  publisher={Sage Publications Sage CA: Thousand Oaks, CA}
}

@inproceedings{kilgarriff2008gdex,
  title={GDEX: Automatically finding good dictionary examples in a corpus},
  author={Kilgarriff, Adam and Hus{\'a}k, Milos and McAdam, Katy and Rundell, Michael and Rychl{\`y}, Pavel},
  booktitle={Proceedings of the XIII EURALEX international congress},
  pages={425--432},
  year={2008},
  organization={Universitat Pompeu Fabra Barcelona, Spain}
}

@book{Aho:72,
    author  = {Alfred V. Aho and Jeffrey D. Ullman},
    title   = {The Theory of Parsing, Translation and Compiling},
    year    = "1972",
    volume  = "1",
    publisher = {Prentice-Hall},
    address = {Englewood Cliffs, NJ}
}
@book{APA:83,
    author  = {{American Psychological Association}},
    title   = {Publications Manual},
    year    = "1983",
   publisher = {American Psychological Association},
   address = {Washington, DC}
}
@article{ACM:83,
	year = "1983",
	author = {{Association for Computing Machinery}},
	journal = {Computing Reviews},
	volume = "24",
	number = "11",
	pages = "503--512"
}

@inproceedings{wong2010mobile,
  title={Mobile-assisted vocabulary learning in real-life setting for primary school students: two case studies},
  author={Wong, Lung-Hsiang and Looi, Chee-Kit},
  booktitle={2010 6th IEEE International Conference on Wireless, Mobile, and Ubiquitous Technologies in Education},
  pages={88--95},
  year={2010},
  organization={IEEE}
}

@article{chen2010personalised,
  title={Personalised context-aware ubiquitous learning system for supporting effective English vocabulary learning},
  author={Chen, Chih-Ming and Li, Yi-Lun},
  journal={Interactive Learning Environments},
  volume={18},
  number={4},
  pages={341--364},
  year={2010},
  publisher={Taylor \& Francis}
}

@inproceedings{ehara2014formalizing,
  title={Formalizing word sampling for vocabulary prediction as graph-based active learning},
  author={Ehara, Yo and Miyao, Yusuke and Oiwa, Hidekazu and Sato, Issei and Nakagawa, Hiroshi},
  booktitle={Proceedings of the 2014 Conference on Empirical Methods in Natural Language Processing (EMNLP)},
  pages={1374--1384},
  year={2014}
}

@inproceedings{zhang2001learning,
  title={Learning to generate CGs from domain specific sentences},
  author={Zhang, Lei and Yu, Yong},
  booktitle={International Conference on Conceptual Structures},
  pages={44--57},
  year={2001},
  organization={Springer}
}
